<?xml version="1.0" encoding="UTF-8"?><record xmlns="http://www.loc.gov/MARC21/slim" xmlns:cinclude="http://apache.org/cocoon/include/1.0" xmlns:zs="http://www.loc.gov/zing/srw/">
  <leader>00441cz  a2200121n  4500</leader>
  <controlfield tag="001">n  95122445 </controlfield>
  <controlfield tag="003">DLC</controlfield>
  <controlfield tag="005">19960702162045.3</controlfield>
  <controlfield tag="008">951228n| acannaab|          |n aaa |||  </controlfield>
  <datafield tag="010" ind1=" " ind2=" ">
    <subfield code="a">n  95122445 </subfield>
  </datafield>
  <datafield tag="040" ind1=" " ind2=" ">
    <subfield code="a">DLC</subfield>
    <subfield code="c">DLC</subfield>
    <subfield code="d">DLC</subfield>
  </datafield>
  <datafield tag="100" ind1="1" ind2="0">
    <subfield code="a">Mohon, Michelle,</subfield>
    <subfield code="d">1967-</subfield>
  </datafield>
  <datafield tag="670" ind1=" " ind2=" ">
    <subfield code="a">Gillespie County, a view ... 1996:</subfield>
    <subfield code="b">CIP t.p. (Michelle R. Mohon) data sheet (b. 5/3/67) bk. t.p. (Michelle Mohon) bk. jkt. (B.A., Baylor Univ. in 1989 in speech communications)</subfield>
  </datafield>
</record>